@misc{1,
    title = {University of Padova Strategic Research Infrastructure Grant "CAPRI: Calcolo ad Alte Prestazioni per la Ricerca e lâ€™Innovazione"},
    author = {UniPD},
    year = {2017}
}